@article{ebert:DevOps,
  author  = {C. {Ebert} and G. {Gallardo} and J. {Hernantes} and N. {Serrano}},
  journal = {IEEE Software},
  title   = {DevOps},
  year    = {2016},
  volume  = {33},
  number  = {3},
  pages   = {94-100},
  doi     = {10.1109/MS.2016.68}
}

@article{hevner:DesignScience,
  author  = {Hevner, Alan and R, Alan and March, Salvatore and T, Salvatore and Park, and Park, Jinsoo and Ram, and Sudha},
  year    = {2004},
  month   = {03},
  pages   = {75-},
  title   = {Design Science in Information Systems Research},
  volume  = {28},
  journal = {Management Information Systems Quarterly}
}

@book{huettermann:DevOps,
  author    = {HÃ¼ttermann, Michael},
  title     = {DevOps for Developers},
  publisher = {Apress},
  year      = {2012}
}

@article{paez:GrayLiterature,
  author   = {Paez, Arsenio},
  title    = {Gray literature: An important resource in systematic reviews},
  journal  = {Journal of Evidence-Based Medicine},
  volume   = {10},
  number   = {3},
  pages    = {233-240},
  keywords = {gray literature, evidence, publication bias, search, systematic review},
  doi      = {10.1111/jebm.12266},
  url      = {https://onlinelibrary.wiley.com/doi/abs/10.1111/jebm.12266},
  eprint   = {https://onlinelibrary.wiley.com/doi/pdf/10.1111/jebm.12266},
  year     = {2017}
}

@article{petersen:SMS,
  author  = {Petersen, Kai and Feldt, Robert and Mujtaba, Shahid and Mattsson, Michael},
  title   = {Systematic Mapping Studies in Software Engineering},
  journal = {12th International Conference on Evaluation and Assessment in Software Engineering (EASE)},
  year    = {2008},
  volume  = {12},
  pages   = {1-10},
  doi     = {10.14236/ewic/EASE2008.8}
}

@misc{richardson:whatIsMSA,
  author       = {Richardson, Chris},
  title        = {What are microservices?},
  howpublished = {\url{https://microservices.io/}},
  year         = {2020},
  note         = {Accessed: 2020-10-25}
}

@article{siddaway:SLR,
  author  = {Siddaway, Andy P. and Wood, Alex M. and Hedges, Larry V.},
  title   = {How to Do a Systematic Review: A Best Practice Guide for Conducting and Reporting Narrative Reviews, Meta-Analyses, and Meta-Syntheses},
  journal = {Annual Review of Psychology},
  volume  = {70},
  number  = {1},
  pages   = {747-770},
  year    = {2019},
  doi     = {10.1146/annurev-psych-010418-102803},
  note    = {PMID: 30089228},
  url     = {https://doi.org/10.1146/annurev-psych-010418-102803},
  eprint  = {https://doi.org/10.1146/annurev-psych-010418-102803}
}

@article{waseem:SMSMSADevOps,
  author  = {Waseem, Muhammad and Liang, Peng and Shahin, Mojtaba},
  year    = {2020},
  month   = {08},
  pages   = {110798},
  title   = {A Systematic Mapping Study on Microservices Architecture in DevOps},
  volume  = {170},
  journal = {Journal of Systems and Software},
  doi     = {10.1016/j.jss.2020.110798}
}
